<?xml version="1.0" encoding="UTF-8"?>
<collection xmlns:xsi="http://www.w3.org/2001/XMLSchema-instance" xsi:schemaLocation="http://www.loc.gov/MARC21/slim http://www.loc.gov/standards/marcxml/schema/MARC21slim.xsd" xmlns="http://www.loc.gov/MARC21/slim">
<record>
  <leader>00882cam a22002171  4500</leader>
  <controlfield tag="001">4825668</controlfield>
  <controlfield tag="003">NNC</controlfield>
  <controlfield tag="005">20130501011931.0</controlfield>
  <controlfield tag="008">991214s1906    ua            000 0 ara d</controlfield>
  <datafield tag="035" ind1=" " ind2=" ">
    <subfield code="a">(OCoLC)56712846</subfield>
  </datafield>
  <datafield tag="035" ind1=" " ind2=" ">
    <subfield code="a">(OCoLC)ocm56712846</subfield>
  </datafield>
  <datafield tag="035" ind1=" " ind2=" ">
    <subfield code="a">(NNC)4825668</subfield>
  </datafield>
  <datafield tag="040" ind1=" " ind2=" ">
    <subfield code="a">NNC</subfield>
    <subfield code="d">NNC</subfield>
  </datafield>
  <datafield tag="100" ind1="1" ind2=" ">
    <subfield code="a">Qalqashandī, Aḥmad ibn ʻAlī,</subfield>
    <subfield code="d">1355 or 1356-1418.</subfield>
  </datafield>
  <datafield tag="240" ind1="1" ind2="0">
    <subfield code="a">Ṣubḥ al-aʻshá</subfield>
  </datafield>
  <datafield tag="245" ind1="1" ind2="0">
    <subfield code="a">Ḍawʾ al-ṣubḥ al-musfir wa-janá al-dawḥ al-muthmir:</subfield>
    <subfield code="b">mukhtaṣar Ṣubḥ al-aʻshá fī kitābat al-inshāʾ,</subfield>
    <subfield code="c">kilāhumā taʾlīf Aḥmad ibn ʻAlī al-Qalqashandī ; ʻuniya bi-ṭabʻihi wa-taṣḥīḥihi Maḥmūd Salāmah.</subfield>
  </datafield>
  <datafield tag="260" ind1=" " ind2=" ">
    <subfield code="a">Miṣr,</subfield>
    <subfield code="b">Maṭbaʻat al-Wāʻiẓ,</subfield>
    <subfield code="c">1906.</subfield>
  </datafield>
  <datafield tag="300" ind1=" " ind2=" ">
    <subfield code="a">1 v. (4, 482 p.)</subfield>
    <subfield code="c">24 cm.</subfield>
  </datafield>
  <datafield tag="500" ind1=" " ind2=" ">
    <subfield code="a">No more published.</subfield>
  </datafield>
  <datafield tag="650" ind1=" " ind2="0">
    <subfield code="a">Encyclopedias and dictionaries, Arabic</subfield>
    <subfield code="v">Early works to 1800.</subfield>
  </datafield>
  <datafield tag="955" ind1=" " ind2=" ">
    <subfield code="b">0061920665</subfield>
    <subfield code="d">glx</subfield>
    <subfield code="e">893.7K125 W33</subfield>
  </datafield>
</record>
</collection>